
@misc{katzenpost,
  author = {Yawning Angel and George Danezis and Claudia Diaz and Ania Piotrowska and David Stainton},
  title = {{Katzenpost Mix Network Specification}},
  howpublished = {\url{https://katzenpost.mixnetworks.org/docs/specs/mixnet.html}},
  note = {
    {last accessed 2019-12-16}
  },
  year = {2017}
}

@inproceedings{Dingledine2004TorTS,
  title={{Tor: The Second-Generation Onion Router}},
  author={Roger Dingledine and Nick Mathewson and Paul F. Syverson},
  booktitle={USENIX Security Symposium},
  year={2004}
}

@inproceedings{Piotrowska:2017:LAS,
 author = {Piotrowska, Ania M. and Hayes, Jamie and Elahi, Tariq and Meiser, Sebastian and Danezis, George},
 title = {{The Loopix Anonymity System}},
 booktitle = {Proceedings of the 26th USENIX Conference on Security Symposium},
 series = {SEC'17},
 year = {2017},
 pages = {1199--1216},
 numpages = {18},
 url = {http://dl.acm.org/citation.cfm?id=3241189.3241283},
 acmid = {3241283},
 publisher = {USENIX Association},
}
